%% This BibTeX bibliography file was created using BibDesk.
%% http://www.cs.ucsd.edu/~mmccrack/bibdesk.html


%% Created for Mark Holder at 2010-08-19 22:03:42 -0500 


%% Saved with string encoding Unicode (UTF-8) 



@article{MetzkerMLPGH2002,
	Author = {Michael L Metzker and David P Mindell and Xiao-Mei Liu and Roger G Ptax and Richard A Gibbs and David M David M. Hillis},
	Date-Added = {2010-08-19 21:30:36 -0500},
	Date-Modified = {2010-08-19 22:03:42 -0500},
	Journal = {Proceedings of the National Academy of Science USA},
	Local-Url = {file://localhost/Users/mholder/Documents/Papers/2002/Metzker/Proceedings%20of%20the%20National%20Academy%20of%20Science%20USA%202002%20Metzker.pdf},
	Number = {22},
	Pages = {14292--14297},
	Rating = {0},
	Read = {Yes},
	Title = {Molecular evidence of {HIV-1} transmission in a criminal case},
	Uri = {papers://FD1DEC3A-2AA9-4EB8-A241-6531242482BB/Paper/p4868},
	Url = {http://www.google.com/search?source=ig&hl=en&rlz=&q=hillis+hiv+trial&btnG=Google+Search},
	Volume = {99},
	Year = {2002},
	Bdsk-File-1 = {YnBsaXN0MDDUAQIDBAUIJidUJHRvcFgkb2JqZWN0c1gkdmVyc2lvblkkYXJjaGl2ZXLRBgdUcm9vdIABqAkKFRYXGyIjVSRudWxs0wsMDQ4RFFpOUy5vYmplY3RzV05TLmtleXNWJGNsYXNzog8QgASABqISE4ACgAOAB1lhbGlhc0RhdGFccmVsYXRpdmVQYXRo0hgNGRpXTlMuZGF0YU8RAmAAAAAAAmAAAgAADE1hY2ludG9zaCBIRAAAAAAAAAAAAAAAAAAAAMe4bklIKwAAABdcDR9Qcm9jZWVkaW5ncyBvZiB0aGUgTiMxNzVDMEUucGRmAAAAAAAAAAAAAAAAAAAAAAAAAAAAAAAAAAAAAAAAAAAAF1wOw7q05AAAAAAAAAAAAAIABAAACSAAAAAAAAAAAAAAAAAAAAAHTWV0emtlcgAAEAAIAADHuMKpAAAAEQAIAADDuwlEAAAAAQAYABdcDQAXW9UAF1lwABMAPwAIUscAAJI7AAIAWE1hY2ludG9zaCBIRDpVc2VyczptaG9sZGVyOkRvY3VtZW50czpQYXBlcnM6MjAwMjpNZXR6a2VyOlByb2NlZWRpbmdzIG9mIHRoZSBOIzE3NUMwRS5wZGYADgCIAEMAUAByAG8AYwBlAGUAZABpAG4AZwBzACAAbwBmACAAdABoAGUAIABOAGEAdABpAG8AbgBhAGwAIABBAGMAYQBkAGUAbQB5ACAAbwBmACAAUwBjAGkAZQBuAGMAZQAgAFUAUwBBACAAMgAwADAAMgAgAE0AZQB0AHoAawBlAHIALgBwAGQAZgAPABoADABNAGEAYwBpAG4AdABvAHMAaAAgAEgARAASAG9Vc2Vycy9taG9sZGVyL0RvY3VtZW50cy9QYXBlcnMvMjAwMi9NZXR6a2VyL1Byb2NlZWRpbmdzIG9mIHRoZSBOYXRpb25hbCBBY2FkZW15IG9mIFNjaWVuY2UgVVNBIDIwMDIgTWV0emtlci5wZGYAABMAAS8AABUAAgAO//8AAIAF0hwdHh9YJGNsYXNzZXNaJGNsYXNzbmFtZaMfICFdTlNNdXRhYmxlRGF0YVZOU0RhdGFYTlNPYmplY3RfEF0uLi8uLi9QYXBlcnMvMjAwMi9NZXR6a2VyL1Byb2NlZWRpbmdzIG9mIHRoZSBOYXRpb25hbCBBY2FkZW15IG9mIFNjaWVuY2UgVVNBIDIwMDIgTWV0emtlci5wZGbSHB0kJaIlIVxOU0RpY3Rpb25hcnkSAAGGoF8QD05TS2V5ZWRBcmNoaXZlcgAIABEAFgAfACgAMgA1ADoAPABFAEsAUgBdAGUAbABvAHEAcwB2AHgAegB8AIYAkwCYAKADBAMGAwsDFAMfAyMDMQM4A0EDoQOmA6kDtgO7AAAAAAAAAgEAAAAAAAAAKAAAAAAAAAAAAAAAAAAAA80=},
	Bdsk-Url-1 = {http://www.google.com/search?source=ig&hl=en&rlz=&q=hillis+hiv+trial&btnG=Google+Search}}

@article{Hill2001,
	Author = {Jason Hill},
	Date-Added = {2010-08-19 21:30:20 -0500},
	Date-Modified = {2010-08-19 21:30:20 -0500},
	Journal = {University of Minnesota / National Science Foundation Image Library},
	Title = {Monarch caterpillar image},
	Year = {2001}}

@article{Dyer2002,
	Author = {L. A. Dyer and G. L. Gentry},
	Date-Added = {2010-08-19 21:30:11 -0500},
	Date-Modified = {2010-08-19 21:30:11 -0500},
	Journal = {http://www.caterpillars.org},
	Title = {Caterpillars and parasitoids of a tropical lowland wet forest},
	Volume = {Accessed: 2006},
	Year = {2002}}

@article{SillenT1988,
	Author = {Birgitta Sill{\'e}n-Tullberg},
	Date-Added = {2010-08-19 21:30:00 -0500},
	Date-Modified = {2010-08-19 21:30:00 -0500},
	Journal = {Evolution},
	Number = {2},
	Pages = {293-305},
	Title = {Evolution of gregariousness in aposematic butterfly larvae: a phylogenetic analysis},
	Volume = {42},
	Year = {1988}}
